@article{CS06,
  title={Combinatorial auctions for truckload transportation},
  author={Caplice, Chris and Sheffi, Yossi},
  journal={Combinatorial auctions},
  volume={21},
  pages={539--572},
  year={2006},
  publisher={chapter}
}

@article{BCE12,
  title={Computational social choice},
  author={Brandt, Felix and Conitzer, Vincent and Endriss, Ulle},
  journal={Multiagent systems},
  pages={213--283},
  year={2012}
}

@article{BN07,
  title={Combinatorial auctions},
  author={Blumrosen, Liad and Nisan, Noam},
  journal={Algorithmic Game Theory},
  volume={267},
  pages={300},
  year={2007},
  publisher={Cambridge University Press London}
}

@online{OD:auction,
	author = {Oxford Online Dictionary},
	title = {Definition of ``auction''},
	month = may,
	year = {2014},
	url = {http://www.oxforddictionaries.com/definition/english/auction}
}

@online{RTR:Telecom,
	author = {Rundfunk \& Telekom Regulierungs-GmbH },
	title = {Analyse des Verlaufs der Multiband-Auktion 2013 [German]},
	month = May,
	year = 2014,
	url = {https://www.rtr.at/de/pr/PI28102013TK/PK28102013TK_Praesentation.pdf}
}

@inproceedings{BH01,
  title={Bidding languages for combinatorial auctions},
  author={Boutilier, Craig and Hoos, Holger H},
  booktitle={International Joint Conference on Artificial Intelligence},
  volume={17},
  number={1},
  pages={1211--1217},
  year={2001},
  organization={LAWRENCE ERLBAUM ASSOCIATES LTD}
}

@inproceedings{Nis00,
  title={Bidding and allocation in combinatorial auctions},
  author={Nisan, Noam},
  booktitle={Proceedings of the 2nd ACM conference on Electronic commerce},
  pages={1--12},
  year={2000},
  organization={ACM}
}

@book{CELM07,
  title={A short introduction to computational social choice},
  author={Chevaleyre, Yann and Endriss, Ulle and Lang, J{\'e}r{\^o}me and Maudet, Nicolas},
  year={2007},
  publisher={Springer}
}

@article{San02,
  title={Algorithm for optimal winner determination in combinatorial auctions},
  author={Sandholm, Tuomas},
  journal={Artificial intelligence},
  volume={135},
  number={1},
  pages={1--54},
  year={2002},
  publisher={Elsevier}
}

@inproceedings{FLBS99,
  title={Taming the computational complexity of combinatorial auctions: Optimal and approximate approaches},
  author={Fujishima, Yuzo and Leyton-Brown, Kevin and Shoham, Yoav},
  booktitle={IJCAI},
  volume={99},
  pages={548--553},
  year={1999},
  organization={DTIC Document}
}

